<?xml version="1.0" encoding="UTF-8"?><collection xmlns="http://www.loc.gov/MARC21/slim"><record><leader>00450nam--2200169-i-4500</leader><controlfield tag="001">000033503</controlfield><controlfield tag="002">20161230</controlfield><controlfield tag="005">20161230201039</controlfield><controlfield tag="008">060222s1000------------r-----000-0-eng-d</controlfield><datafield ind1=" " ind2=" " tag="020"><subfield code="a">026213070X</subfield></datafield><datafield ind1=" " ind2=" " tag="080"><subfield code="a">53:537</subfield></datafield><datafield ind1=" " ind2=" " tag="100"><subfield code="a">Meyer, H.W</subfield></datafield><datafield ind1=" " ind2=" " tag="245"><subfield code="a">A history of electricity and magnetism</subfield><subfield code="c">H.w. meyer</subfield></datafield><datafield ind1=" " ind2=" " tag="260"><subfield code="a">Cambridge, Massachusetts</subfield><subfield code="b">Mitt Press</subfield><subfield code="c">1971</subfield></datafield><datafield ind1=" " ind2=" " tag="300"><subfield code="a">XVIII + 325P</subfield></datafield><datafield ind1=" " ind2=" " tag="852"><subfield code="a">39252</subfield><subfield code="c">537:538</subfield></datafield><datafield ind1=" " ind2=" " tag="CAT"><subfield code="a">Sys</subfield><subfield code="c">20110620</subfield><subfield code="h">135415</subfield></datafield></record></collection>